@article{Alldredge2007,
  title={Time-of-detection method for estimating abundance from point-count surveys},
  author={Alldredge, Mathew W and Pollock, Kenneth H and Simons, Theodore R and Collazo, Jaime A and Shriner, Susan A and Johnson, DH},
  journal={The Auk},
  volume={124},
  number={2},
  pages={653--664},
  year={2007},
  publisher={BioOne}
}

@article{Amundson2014,
  title={A hierarchical model combining distance sampling and time removal to estimate detection probability during avian point counts},
  author={Amundson, Courtney L and Royle, J Andrew and Handel, Colleen M},
  journal={The Auk},
  volume={131},
  number={4},
  pages={476--494},
  year={2014},
  publisher={The American Ornithologists' Union}
}

@mastersthesis{Alvarez2014,
  Author = {Ignacio Alvarez},
  School = {Iowa State University},
  Title = {Bayesian Inference for a covariance matrix},
          Howpublished = {\url{http://arxiv.org/abs/1408.4050}},
  Year = {2014}
}

@article{Beisel2007,
  title={Testing the extreme value domain of attraction for distributions of beneficial fitness effects},
  author={Beisel, Craig J and Rokyta, Darin R and Wichman, Holly A and Joyce, Paul},
  journal={Genetics},
  volume={176},
  number={4},
  pages={2441--2449},
  year={2007},
  publisher={Genetics Soc America}
}

@article{Berger2012,
  title={Objective priors for discrete parameter spaces},
  author={Berger, James O and Bernardo, Jose M and Sun, Dongchu},
  journal={Journal of the American Statistical Association},
  volume={107},
  number={498},
  pages={636--648},
  year={2012},
  publisher={Taylor \& Francis}
}

@article{Borchers2013,
  title={Using hidden Markov models to deal with availability bias on line transect surveys},
  author={Borchers, David Louis and Zucchini, Walter and Heide-J{\o}rgensen, MP and Ca{\~n}adas, A and Langrock, Roland},
  journal={Biometrics},
  volume={69},
  number={3},
  pages={703--713},
  year={2013},
  publisher={Wiley Online Library}
}

@article{Borchers2014,
  title={Continuous-time spatially explicit capture--recapture models, with an application to a jaguar camera-trap survey},
  author={Borchers, David and Distiller, Greg and Foster, Rebecca and Harmsen, Bart and Milazzo, Lorenzo},
  journal={Methods in Ecology and Evolution},
  volume={5},
  number={7},
  pages={656--665},
  year={2014},
  publisher={Wiley Online Library}
}

@article{Borchers2016,
  title={Distance sampling detection functions: 2D or not 2D?},
  author={Borchers, David Louis and Cox, Martin James},
  journal={Biometrics},
  year={2016},
  publisher={Wiley Online Library}
}

@article{Buckland1992,
  title={Fitting density functions with polynomials},
  author={Buckland, Stephen T},
  journal={Applied Statistics},
  pages={63--76},
  year={1992},
  publisher={JSTOR}
}

@article{Buckland2001,
  title={Introduction to distance sampling estimating abundance of biological populations.},
  author={Buckland, Stephen T and Anderson, David R and Burnham, Kenneth P and Laake, Jeff L and Borchers, David L and Thomas, Len},
  year={2001},
  publisher={Oxford University Press.}
}

@book{Buckland2004,
  title={Advanced distance sampling},
  author={Buckland, Stephen T},
  year={2004},
  publisher={Oxford University Press}
}

@article{Buckland2016,
  title={Model-based distance sampling},
  author={Buckland, Stephen Terrence and Oedekoven, Cornelia Sabrina and Borchers, David Louis},
  journal={Journal of Agricultural, Biological, and Environmental Statistics},
  volume={21},
  number={1},
  pages={58--75},
  year={2016},
  publisher={Springer}
}

@article{Celeux2006,
  title={Deviance information criteria for missing data models},
  author={Celeux, Gilles and Forbes, Florence and Robert, Christian P and Titterington, D Michael and others},
  journal={Bayesian analysis},
  volume={1},
  number={4},
  pages={651--673},
  year={2006},
  publisher={International Society for Bayesian Analysis}
}

@article{CL1985,
  title={A note on N estimators for the binomial distribution},
  author={Carroll, Raymond J and Lombard, F},
  journal={Journal of the American Statistical Association},
  volume={80},
  number={390},
  pages={423--426},
  year={1985},
  publisher={Taylor \& Francis Group}
}

@article{ConwaySimon2003,
  title={Comparison of detection probability associated with burrowing owl survey methods},
  author={Conway, Courtney J and Simon, John C},
  journal={The Journal of wildlife management},
  pages={501--511},
  year={2003},
  publisher={JSTOR}
}

@article{CoorayAnand2008,
  title={A generalization of the half-normal distribution with applications to lifetime data},
  author={Cooray, Kahadawala and Ananda, Malwane MA},
  journal={Communications in Statisticsâ€”Theory and Methods},
  volume={37},
  number={9},
  pages={1323--1337},
  year={2008},
  publisher={Taylor \& Francis}
}

@article{CoullAgresti1999,
  title={The Use of Mixed Logit Models to Reflect Heterogeneity in Capture-Recapture Studies},
  author={Coull, Brent A and Agresti, Alan},
  journal={Biometrics},
  volume={55},
  number={1},
  pages={294--301},
  year={1999},
  publisher={Wiley Online Library}
}

@article{Cox2007,
  title={Parametric survival analysis and taxonomy of hazard functions for the generalized gamma distribution},
  author={Cox, Christopher and Chu, Haitao and Schneider, Michael F and Mu{\~n}oz, Alvaro},
  journal={Statistics in medicine},
  volume={26},
  number={23},
  pages={4352--4374},
  year={2007},
  publisher={Wiley Online Library}
}

@article{DasGuptaRubin2005,
  title={Estimation of binomial parameters when both n, p are unknown},
  author={DasGupta, A and Rubin, Herman},
  journal={Journal of Statistical Planning and Inference},
  volume={130},
  number={1},
  pages={391--404},
  year={2005},
  publisher={Elsevier}
}

@article{Davis2016,
  title={Inferring invasive species abundance using removal data from management actions},
  author={Davis, Amy J and Hooten, Mevin B and Miller, Ryan S and Farnsworth, Matthew L and Lewis, Jesse and Moxcey, Michael and Pepin, Kim M},
  journal={Ecological Applications},
  volume={26},
  number={7},
  pages={2339--2346},
  year={2016},
  publisher={Wiley Online Library}
}

@article{DG1971,
  title={Bayesian estimation of the binomial parameter},
  author={Draper, Norman and Guttman, Irwin},
  journal={Technometrics},
  volume={13},
  number={3},
  pages={667--673},
  year={1971},
  publisher={Taylor \& Francis Group}
}

@article{Diefenbach2007,
  title={Incorporating availability for detection in estimates of bird abundance},
  author={Diefenbach, Duane R and Marshall, Matthew R and Mattice, Jennifer A and Brauning, Daniel W and Johnson, DH},
  journal={The Auk},
  volume={124},
  number={1},
  pages={96--106},
  year={2007}
}

@article{DorazioRoyle2003,
  title={Mixture models for estimating the size of a closed population when capture rates vary among individuals},
  author={Dorazio, Robert M and Andrew Royle, J},
  journal={Biometrics},
  volume={59},
  number={2},
  pages={351--364},
  year={2003},
  publisher={Wiley Online Library}
}

@article{Dorazio2005,
  title={Improving Removal-Based Estimates of Abundance by Sampling a Population of Spatially Distinct Subpopulations},
  author={Dorazio, Robert M and Jelks, Howard L and Jordan, Frank},
  journal={Biometrics},
  volume={61},
  number={4},
  pages={1093--1101},
  year={2005},
  publisher={Wiley Online Library}
}

@article{EffordDawson2009,
  title={Effect of distance-related heterogeneity on population size estimates from point counts},
  author={Efford, Murray G and Dawson, Deanna K},
  journal={The Auk},
  volume={126},
  number={1},
  pages={100--111},
  year={2009},
  publisher={University of California Press}
}

@article{Etterson2009,
  title={Estimating the effects of detection heterogeneity and overdispersion on trends estimated from avian point counts},
  author={Etterson, Matthew A and Niemi, Gerald J and Danz, Nicholas P},
  journal={Ecological Applications},
  volume={19},
  number={8},
  pages={2049--2066},
  year={2009},
  publisher={Eco Soc America}
}

@article{FarcomeniScacciatelli2013,
  title={Heterogeneity and behavioral response in continuous time capture--recapture, with application to street cannabis use in Italy},
  author={Farcomeni, Alessio and Scacciatelli, Daria and others},
  journal={The Annals of Applied Statistics},
  volume={7},
  number={4},
  pages={2293--2314},
  year={2013},
  publisher={Institute of Mathematical Statistics}
}

@article{Farnsworth2002,
  title={A removal model for estimating detection probabilities from point-count surveys},
  author={Farnsworth, George L and Pollock, Kenneth H and Nichols, James D and Simons, Theodore R and Hines, James E and Sauer, John R and Brawn, J},
  journal={The Auk},
  volume={119},
  number={2},
  pages={414--425},
  year={2002},
  publisher={BioOne}
}

@article{Farnsworth2005,
  title={Statistical approaches to the analysis of point count data: a little extra information can go a long way},
  author={Farnsworth, George L and Nichols, James D and Sauer, John R and Fancy, Steven G and Pollock, Kenneth H and Shriner, Susan A and Simons, Theodore R and Ralph, CJ and Rich, TD},
  journal={USDA Forest Service General Technical Report PSW--GTR--191},
  pages={735--743},
  year={2005}
}

@article{Field2016,
  title={How does choice of statistical method to adjust counts for imperfect detection affect inferences about animal abundance?},
  author={Field, Christopher R and Gjerdrum, Carina and Elphick, Chris S},
  journal={Methods in Ecology and Evolution},
  volume={7},
  number={11},
  pages={1282--1290},
  year={2016},
  publisher={Wiley Online Library}
}

@article{Francis2012,
  title={Characterizing the Performance of the Conway-Maxwell Poisson Generalized Linear Model},
  author={Francis, Royce A and Geedipally, Srinivas Reddy and Guikema, Seth D and Dhavala, Soma Sekhar and Lord, Dominique and LaRocca, Sarah},
  journal={Risk analysis},
  volume={32},
  number={1},
  pages={167--183},
  year={2012},
  publisher={Wiley Online Library}
}

@article{GelmanRubin1992,
  title={Inference from iterative simulation using multiple sequences},
  author={Gelman, Andrew and Rubin, Donald B},
  journal={Statistical science},
  pages={457--472},
  year={1992},
  publisher={JSTOR}
}

@article{Gelman1996,
  title={Posterior predictive assessment of model fitness via realized discrepancies},
  author={Gelman, Andrew and Meng, Xiao-Li and Stern, Hal},
  journal={Statistica sinica},
  volume={6},
  number={4},
  pages={733--760},
  year={1996},
  publisher={C/O DR SW CHENG, MANAG EDITOR DEPT STAT UNIV MANTOBA, WINNIPEG MB R3T 2N2, CANADA}
}

@article{Gelman2006,
  title={Prior distributions for variance parameters in hierarchical models (comment on article by Browne and Draper)},
  author={Gelman, Andrew and others},
  journal={Bayesian analysis},
  volume={1},
  number={3},
  pages={515--534},
  year={2006},
  publisher={International Society for Bayesian Analysis}
}

@book{Geweke1991,
  title={Evaluating the accuracy of sampling-based approaches to the calculation of posterior moments},
  author={Geweke, John and others},
  volume={196},
  year={1991},
  publisher={Federal Reserve Bank of Minneapolis, Research Department Minneapolis, MN, USA}
}

@article{GG1981,
  title={Initial size estimation for the linear pure death process},
  author={Goudie, IBJ and Goldie, Charles M},
  journal={Biometrika},
  volume={68},
  number={2},
  pages={543--550},
  year={1981},
  publisher={Biometrika Trust}
}

@article{Hall1994,
  title={On the Erratic Behavior of Estimators of N in the Binomial N, p Distribution},
  author={Hall, Peter},
  journal={Journal of the American Statistical Association},
  volume={89},
  number={425},
  pages={344--352},
  year={1994},
  publisher={Taylor \& Francis}
}

@article{Hanowski1995,
  title={Experimental design considerations for establishing an off-road, habitat specific bird monitoring program using point counts},
  author={Hanowski, JM and Niemi, Gerald J and others},
  journal={Monitoring bird populations by point counts. General Technical Report PSW-GTR-149. Pacific Southwest Research Station, Forest Service, US Department of Agriculture, Albany, CA},
  pages={145--150},
  year={1995}
}

@article{HayesBuckland1983,
  title={Radial-distance models for the line-transect method},
  author={Hayes, RJ and Buckland, ST},
  journal={Biometrics},
  pages={29--42},
  year={1983},
  publisher={JSTOR}
}

@article{Howe1997,
  title={A standard method for monitoring songbird populations in the Great Lakes region},
  author={Howe, Robert W and Niemi, Gerald J and Lewis, Stephen J and Welsh, Daniel A},
  journal={Passenger Pigeon},
  volume={59},
  number={3},
  pages={183--194},
  year={1997}
}

@article{HwangChao2002,
  title={Continuous-time capture-recapture models with covariates},
  author={Hwang, Wen-Han and Chao, Anne},
  journal={Statistica Sinica},
  pages={1115--1131},
  year={2002},
  publisher={JSTOR}
}

@article{Johnson2008,
  title={In defense of indices: the case of bird surveys},
  author={Johnson, Douglas H},
  journal={The Journal of Wildlife Management},
  volume={72},
  number={4},
  pages={857--868},
  year={2008},
  publisher={Wiley Online Library}
}

@article{Kahn1987,
  title={A cautionary note for Bayesian estimation of the binomial parameter n},
  author={Kahn, William D},
  journal={The American Statistician},
  volume={41},
  number={1},
  pages={38--40},
  year={1987},
  publisher={Taylor \& Francis}
}

@article{Kery2008,
  title={Estimating abundance from bird counts: binomial mixture models uncover complex covariate relationships},
  author={K{\'e}ry, Marc},
  journal={The Auk},
  volume={125},
  number={2},
  pages={336--345},
  year={2008},
  publisher={The American Ornithologists' Union}
}

@article{Knutson2008,
  title={Landbird monitoring protocol for the US Fish and Wildlife Service, Midwest and Northeast Regions, Version 1},
  author={Knutson, Melinda G and Danz, Nick P and Sutherland, Todd W and Gray, Brian R},
  journal={Biological Monitoring Team Technical Report BMT-2008-01. US Fish and Wildlife Service, La Crosse, WI},
  volume={25},
  year={2008}
}

@article{Laake2011,
  title={Point-based mark-recapture distance sampling},
  author={Laake, JL and Collier, BA and Morrison, ML and Wilkins, RN},
  journal={Journal of Agricultural, Biological, and Environmental Statistics},
  volume={16},
  number={3},
  pages={389--408},
  year={2011},
  publisher={Springer}
}

@article{Laplanche2010,
  title={A hierarchical model to estimate fish abundance in alpine streams by using removal sampling data from multiple locations},
  author={Laplanche, Christophe},
  journal={Biometrical Journal},
  volume={52},
  number={2},
  pages={209--221},
  year={2010},
  publisher={Wiley Online Library}
}
 
@article{LeeMarsden2008,
  title={Adjusting count period strategies to improve the accuracy of forest bird abundance estimates from point transect distance sampling surveys},
  author={Lee, David C and Marsden, Stuart J},
  journal={Ibis},
  volume={150},
  number={2},
  pages={315--325},
  year={2008},
  publisher={Wiley Online Library}
}

@article{Lele2010,
  title={Estimability and likelihood inference for generalized linear mixed models using data cloning},
  author={Lele, Subhash R and Nadeem, Khurram and Schmuland, Byron},
  journal={Journal of the American Statistical Association},
  volume={105},
  number={492},
  pages={1617--1625},
  year={2010},
  publisher={Taylor \& Francis}
}

@article{Li2014,
  title={Robust deviance information criterion for latent variable models},
  author={Li, Yong and Zeng, Tao and Yu, Jun},
  journal={CAFE Research Paper},
  number={13.19},
  year={2014}
}

@article{Link2013,
  title={A cautionary note on the discrete uniform prior for the binomial N},
  author={Link, William A},
  journal={Ecology},
  volume={94},
  number={10},
  pages={2173--2179},
  year={2013},
  publisher={Eco Soc America}
}

@article{LinkSauer2002,
  title={A hierarchical analysis of population change with application to Cerulean Warblers},
  author={Link, William A and Sauer, John R},
  journal={Ecology},
  volume={83},
  number={10},
  pages={2832--2840},
  year={2002},
  publisher={Eco Soc America}
}

@article{Mantyniemi2005,
  title={Bayesian removal estimation of a population size under unequal catchability},
  author={M{\"a}ntyniemi, Samu and Romakkaniemi, Atso and Arjas, Elja},
  journal={Canadian Journal of Fisheries and Aquatic Sciences},
  volume={62},
  number={2},
  pages={291--300},
  year={2005},
  publisher={NRC Research Press}
}

@article{MarquesBuckland2003,
  title={Incorporating covariates into standard line transect analyses},
  author={Marques, Fernanda FC and Buckland, Stephen T},
  journal={Biometrics},
  volume={59},
  number={4},
  pages={924--935},
  year={2003},
  publisher={Wiley Online Library}
}

@article{MarshSinclair1989,
  title={Correcting for visibility bias in strip transect aerial surveys of aquatic fauna},
  author={Marsh, Helene and Sinclair, Dennis F},
  journal={The Journal of Wildlife Management},
  pages={1017--1024},
  year={1989},
  publisher={JSTOR}
}

@article{MartinSchwarze2016,
  title={Assessing the impacts of time to detection distribution assumptions on detection probability estimation},
  author={Martin-Schwarze, Adam and Niemi, Jarad and Dixon, Philip},
  journal={arXiv preprint arXiv:1612.00168},
  year={2016}
}

@article{McCallum2005,
  title={A conceptual guide to detection probability for point counts and other count-based survey methods},
  author={McCallum, D Archibald and others},
  journal={USDA Forest Service General Technical Report PSW--GTR--191},
  pages={754--761},
  year={2005}
}

@article{McSheaRappole1997,
  title={Variable Song Rates in Three Species of Passerines and Implications for Estimating Bird Populations},
  author={McShea, WJ and Rappole, JH},
  journal={Journal of Field Ornithology},
  pages={367--375},
  year={1997},
  publisher={JSTOR}
}

@article{MillerThomas2015,
  title={Mixture models for distance sampling detection functions},
  author={Miller, David L and Thomas, Len},
  journal={PloS one},
  volume={10},
  number={3},
  pages={e0118726},
  year={2015},
  publisher={Public Library of Science}
}

@techreport{MNFB2009,
     title = {The {M}innesota Forest Breeding Bird Project Database: Description and User's Guide},
     author = {Danz, Nicholas P},
     year = {2009},
     institution = {Natural Resources Research Institute},
     month = {Apr},
}

@MISC{MNFB2008,
author = {Danz, Nicholas P and Bracey, Annie and Niemi, Gerald J},
title = {Breeding Bird Monitoring in Western Great Lakes National Forests 1991-2007},
month = {Apr},
year = {2008},
url = {http://www.nrri.umn.edu/mnbirds/reports/ 2007\_annual\_report.pdf}
}

@article{Moran1951,
  title={A mathematical theory of animal trapping},
  author={Moran, PAP},
  journal={Biometrika},
  pages={307--311},
  year={1951},
  publisher={JSTOR}
}

@book{Nichols2009,
  title={Inferences about landbird abundance from count data: recent advances and future directions},
  author={Nichols, James D and Thomas, Len and Conn, Paul B},
  year={2009},
  publisher={Springer}
}

@article{NoufailyJones2013,
  title={On maximization of the likelihood for the generalized gamma distribution},
  author={Noufaily, Angela and Jones, MC},
  journal={Computational Statistics},
  pages={1--13},
  year={2013},
  publisher={Springer}
}

@article{Olkin1981,
  title={A comparison of n estimators for the binomial distribution},
  author={Olkin, Ingram and Petkau, A John and Zidek, James V},
  journal={Journal of the American Statistical Association},
  volume={76},
  number={375},
  pages={637--642},
  year={1981},
  publisher={Taylor \& Francis}
}

@article{Otis1978,
  title={Statistical inference from capture data on closed animal populations},
  author={Otis, David L and Burnham, Kenneth P and White, Gary C and Anderson, David R},
  journal={Wildlife monographs},
  number={62},
  pages={3--135},
  year={1978},
  publisher={JSTOR}
}

@techreport{Petit1995,
  title={Fixed-radius point counts in forests: factors influencing effectiveness and efficiency},
  author={Petit, Daniel R and Petit, Lisa J and Saab, Victoria A and Martin, Thomas E},
  institution={USDA Forest Service},
  number={PSW-GTR-149},
  year={1995}
}

@article{Pledger2000,
  title={Unified maximum likelihood estimates for closed capture--recapture models using mixtures},
  author={Pledger, Shirley},
  journal={Biometrics},
  volume={56},
  number={2},
  pages={434--442},
  year={2000},
  publisher={Wiley Online Library}
}

@article{Pollock2002,
  title={Large scale wildlife monitoring studies: statistical methods for design and analysis},
  author={Pollock, Kenneth H and Nichols, James D and Simons, Theodore R and Farnsworth, George L and Bailey, Larissa L and Sauer, John R},
  journal={Environmetrics},
  volume={13},
  number={2},
  pages={105--119},
  year={2002},
  publisher={Wiley Online Library}
}

@misc{Press1992,
  title={Numerical Recipes in C: The Art of Scientific Computing (; Cambridge},
  author={Press, William H and Teukolsky, Saul A and Vetterling, William T and Flannery, Brian P},
  year={1992},
  publisher={Cambridge Univ. Press}
}

@article{Raftery1988,
  title={Inference for the binomial N parameter: A hierarchical Bayes approach},
  author={Raftery, Adrian E},
  journal={Biometrika},
  volume={75},
  number={2},
  pages={223--228},
  year={1988},
  publisher={Biometrika Trust}
}

@techreport{Ralph1995,
  title={Managing and Monitoring Birds Using Point Counts: Standards and Applications},
  author={Ralph, C John and Droege, Sam and Sauer, John R},
  institution={USDA Forest Service},
  number={PSW-GTR-149},
  year={1995}
}

@article{Reidy2011,
  title={Comparison of methods for estimating density of forest songbirds from point counts},
  author={Reidy, Jennifer L and Thompson, Frank R and Bailey, J},
  journal={The Journal of Wildlife Management},
  volume={75},
  number={3},
  pages={558--568},
  year={2011},
  publisher={Wiley Online Library}
}

@article{Reidy2016,
  title={Landscape and local effects on occupancy and densities of an endangered wood-warbler in an urbanizing landscape},
  author={Reidy, Jennifer L and Thompson III, Frank R and Amundson, Courtney and Oâ€™Donnell, Lisa},
  journal={Landscape Ecology},
  volume={31},
  number={2},
  pages={365--382},
  year={2016},
  publisher={Springer}
}

@article{Rosenstock2002,
  title={Landbird counting techniques: current practices and an alternative},
  author={Rosenstock, Steven S and Anderson, David R and Giesen, Kenneth M and Leukering, Tony and Carter, Michael F and Thompson III, F},
  journal={The Auk},
  volume={119},
  number={1},
  pages={46--53},
  year={2002}
}

@article{Royle2004Generalized,
  title={Generalized estimators of avian abundance from count survey data},
  author={Royle, JA},
  journal={Animal Biodiversity and Conservation},
  volume={27},
  number={1},
  pages={375--386},
  year={2004}
}

@article{Royle2004NMixture,
  title={N-Mixture Models for Estimating Population Size from Spatially Replicated Counts},
  author={Royle, J Andrew},
  journal={Biometrics},
  volume={60},
  number={1},
  pages={108--115},
  year={2004},
  publisher={Wiley Online Library}
}

@article{RoyleDorazio2006,
  title={Hierarchical models of animal abundance and occurrence},
  author={Royle, J Andrew and Dorazio, Robert M},
  journal={Journal of Agricultural, Biological, and Environmental Statistics},
  volume={11},
  number={3},
  pages={249--263},
  year={2006},
  publisher={Springer}
}

@article{Royle2007,
  title={Hierarchical spatial models of abundance and occurrence from imperfect survey data},
  author={Royle, J Andrew and K{\'e}ry, Marc and Gautier, Roland and Schmid, Hans},
  journal={Ecological Monographs},
  volume={77},
  number={3},
  pages={465--481},
  year={2007},
  publisher={Eco Soc America}
}

@book{RoyleDorazio2008,
  title={Hierarchical modeling and inference in ecology: the analysis of data from populations, metapopulations and communities},
  author={Royle, J Andrew and Dorazio, Robert M},
  year={2008},
  publisher={Academic Press}
}

@misc{Rstan2016,
  author = {{Stan Development Team}},
  year = {2016},
  title = {RStan: the {R} interface to {S}tan,
           {V}ersion 2.12.1},
  url = {http://mc-stan.org/rstan.html}
}

@techreport{Ruthrauff2007,
  title={Inventory of montane-nesting birds in Katmai and Lake Clark National Parks and Preserves},
  author={Ruthrauff, Daniel R and Tibbitts, Lee and Gill Jr, Robert E and Handel, Colleen M},
  year={2007},
  institution={USGS Alaska Science Center}
}

@article{Sauer1994,
  title={Observer differences in the North American breeding bird survey},
  author={Sauer, John R and Peterjohn, Bruce G and Link, William A},
  journal={The Auk},
  pages={50--62},
  year={1994},
  publisher={JSTOR}
}

@article{Schnute1983,
  title={A new approach to estimating populations by the removal method},
  author={Schnute, Jon},
  journal={Canadian Journal of Fisheries and Aquatic Sciences},
  volume={40},
  number={12},
  pages={2153--2169},
  year={1983},
  publisher={NRC Research Press}
}

@inproceedings{Scott2005,
  title={Singing rate and detection probability: an example from the Least Bell's Vireo (Vireo belli pusillus)},
  author={Scott, Thomas A and Lee, Pey-Yi and Greene, Gregory C and McCallum, D Archibald and others},
  booktitle={Proceedings of the Third International Partners in Flight Conference, US Department of Agriculture Forest Service, Pacific Southwest Research Station, General Technical Report PSW-GTR-191, Albany, CA, USA},
  pages={845--853},
  year={2005}
}

@article{Shmueli2005,
  title={A useful distribution for fitting discrete data: revival of the Conway--Maxwell--Poisson distribution},
  author={Shmueli, Galit and Minka, Thomas P and Kadane, Joseph B and Borle, Sharad and Boatwright, Peter},
  journal={Journal of the Royal Statistical Society: Series C (Applied Statistics)},
  volume={54},
  number={1},
  pages={127--142},
  year={2005},
  publisher={Wiley Online Library}
}

@article{Sillett2012,
  title={Hierarchical distance-sampling models to estimate population size and habitat-specific abundance of an island endemic},
  author={Sillett, T Scott and Chandler, Richard B and Royle, J Andrew and K{\'e}ry, Marc and Morrison, Scott A},
  journal={Ecological Applications},
  volume={22},
  number={7},
  pages={1997--2006},
  year={2012},
  publisher={Wiley Online Library}
}

@article{Solymos2013,
  title={Calibrating indices of avian density from non-standardized survey data: making the most of a messy situation},
  author={S{\'o}lymos, P{\'e}ter and Matsuoka, Steven M and Bayne, Erin M and Lele, Subhash R and Fontaine, Patricia and Cumming, Steve G and Stralberg, Diana and Schmiegelow, Fiona KA and Song, Samantha J},
  journal={Methods in Ecology and Evolution},
  volume={4},
  number={11},
  pages={1047--1058},
  year={2013},
  publisher={Wiley Online Library}
}

@article{Spiegelhalter2002,
  title={Bayesian measures of model complexity and fit},
  author={Spiegelhalter, David J and Best, Nicola G and Carlin, Bradley P and Van Der Linde, Angelika},
  journal={Journal of the Royal Statistical Society: Series B (Statistical Methodology)},
  volume={64},
  number={4},
  pages={583--639},
  year={2002},
  publisher={Wiley Online Library}
}

@article{Thomsen1971,
  title={Behavior and ecology of burrowing owls on the Oakland Municipal Airport},
  author={Thomsen, Lise},
  journal={The Condor},
  volume={73},
  number={2},
  pages={177--192},
  year={1971},
  publisher={JSTOR}
}

@article{Veech2016,
  title={Intrinsic heterogeneity in detection probability and its effect on N-mixture models},
  author={Veech, Joseph A and Ott, James R and Troy, Jeff R},
  journal={Methods in Ecology and Evolution},
  volume={7},
  number={9},
  pages={1019--1028},
  year={2016},
  publisher={Wiley Online Library}
}

@Manual{Vehtari2016Loo,
    title = {loo: Efficient leave-one-out cross-validation and WAIC for
      Bayesian models},
    author = {Aki Vehtari and Andrew Gelman and Jonah Gabry},
    year = {2016},
    note = {R package version 1.0.0},
    url = {https://github.com/stan-dev/loo},
  }

@article{Vehtari2016Practical,
  title={Practical Bayesian model evaluation using leave-one-out cross-validation and WAIC},
  author={Vehtari, Aki and Gelman, Andrew and Gabry, Jonah},
  journal={Statistics and Computing},
  pages={1--20},
  year={2016},
  publisher={Springer}
}

@article{WangLoneragan1996,
  title={An extravariation model for improving confidence intervals of population size estimates from removal data},
  author={Wang, Y-G and Loneragan, Neil R},
  journal={Canadian Journal of Fisheries and Aquatic Sciences},
  volume={53},
  number={11},
  pages={2533--2539},
  year={1996},
  publisher={NRC Research Press}
}

@book{Williams2002,
  title={Analysis and management of animal populations},
  author={Williams, Byron K and Nichols, James D and Conroy, Michael J},
  year={2002},
  publisher={Academic Press}
}

@article{Wu2015,
  title={Bayesian binomial mixture models for estimating abundance in ecological monitoring studies},
  author={Wu, Guohui and Holan, Scott H and Nilon, Charles H and Wikle, Christopher K and others},
  journal={The Annals of Applied Statistics},
  volume={9},
  number={1},
  pages={1--26},
  year={2015},
  publisher={Institute of Mathematical Statistics}
}

@article{Wyatt2002,
  title={Estimating riverine fish population size from single-and multiple-pass removal sampling using a hierarchical model},
  author={Wyatt, Robin J},
  journal={Canadian Journal of Fisheries and Aquatic Sciences},
  volume={59},
  number={4},
  pages={695--706},
  year={2002},
  publisher={NRC Research Press}
}

@article{Zippin1958,
  title={The removal method of population estimation},
  author={Zippin, Calvin},
  journal={The Journal of Wildlife Management},
  pages={82--90},
  year={1958},
  publisher={JSTOR}
}

@misc{Zlonis2014,
  author={Zlonis, Edmond},
  howpublished={Personal correspondence},
  year={2014}
}